% =============================================================================
% Informacje o rodzajach publikacji i wymaganych polach można znaleść
% pod adresem:
% https://en.wikibooks.org/wiki/LaTeX/Bibliography_Management
% https://www.andy-roberts.net/res/writing/latex/bibentries.pdf 
% =============================================================================
@book{blazejewskiSzal,
	title     = {Metodyka przygotowania pracy dyplomowej},
	author    = {Wojciech Błażejewski and Eugeniusz Szal},
	year      = {2019},
	publisher = {Jarosław: Wydawnictwo Państwowej Wyższej Szkoły Techniczno-Ekonomicznej w Jarosławiu},
}

@book{dudziakZejmo,
	title     = {Redagowanie prac dyplomowych. Wskazówki metodyczne dla studentów},
	author    = {Arkadiusz Dudziak and Agnieszka Żejmo},
	year      = {2008},
	publisher = {Warszawa: Difin},
}

@book{stoczewska,
	title     = {Jak pisać pracę licencjacką lub magisterską. Poradnik dla studentów.},
	author    = {Barbara Stoczewska},
	year      = {2014},
	publisher = {Kraków: Oficyna wydawnicza AFM},
}

@book{zenderowski,
	title     = {Technika pisania prac magisterskich i licencjackich},
	author    = {Radosław Zenderowski},
	year      = {2015},
	publisher = {Warszawa: CeDeWu},
}

@book{krajewski,
	title     = {O metodologii nauk i zasadach pisarstwa naukowego. Uwagi podstawowe},
	author    = {Mirosław Krajewski},
	year      = {2010},
	publisher = {Gliwice: Uniwersytet Śląski},
}

@article{barczak-brezinski,
    author  = {Ryszard Barczyk and Horst Brezinski},
    title   = {Polityka stabilizacji makroekonomicznej w {P}olsce i {N}iemczech w okresie transformacji oraz zjednoczenia},
    journal = {Studia Ekonomiczne. Zeszyty Naukowe Uniwersytetu Ekonomicznego w Katowicach},
    volume  = {1},
    number  = {311},
    pages   = {20-36},
    year    = {2017}
}

@misc{website:paragraph,
    author       = {Shona McCombes},
    title        = {How to write a paragraph},
    month        = {March},
    year         = {2019},
    howpublished = {\url{https://www.scribbr.com/research-paper/paragraph-structure/}},
    note         = {Dostęp: 19.11.2019}
}

@misc{website:zimny,
      author       = {Artur Zimny},
      title        = {Wyrażenia i zwroty pomocne w redagowaniu pracy},
      month        = {11},
      year         = {2019},
      howpublished = {\url{http://www.artur-zimny.pl/seminarium/konwersatorium/05_wyrazenia_i_zwroty.pdf}},
      note         = {Dostęp: 19.11.2019}
}

@book{weglinska,
	title     = {Jak pisać pracę magisterską? Poradnik dla studentów},
	author    = {Maria Węglińska},
	year      = {2005},
	publisher = {Kraków: Impuls},
}

@misc{website:wikibooks,
      author       = {Wikibooks},
      title        = {LaTeX/Zarządzanie bibliografią},
      year         = {2019},
      howpublished = {\url{https://pl.wikibooks.org/wiki/LaTeX/Zarz%C4%85dzanie_bibliografi%C4%85}},
      note         = {Dostęp: 19.11.2019}
}

@misc{website:apa,
      author       = {Scribbr},
      title        = {APA Format Citation Guide},
      month        = {11},
      year         = {2019},
      howpublished = {\url{https://www.scribbr.com/apa-citation-generator/#/}},
      note         = {Dostęp: 19.11.2019}
}

@article{mazur2018jak,
	title   = {Jak zaplanować i przeprowadzić systematyczny przegląd literatury},
	author  = {Mazur, Zofia and Orłowska, Agnieszka},
	journal = {Polskie Forum Psychologiczne},
	year    = {2018},
	number  = {2},
	pages   = {235-251},
	volume  = {23}
}

@article{kopczewski2007ekonomia,
	title   = {Ekonomia eksperymentalna: wprowadzenie i najnowsze badania},
	author  = {Kopczewski, Tomasz and Malawski, Marcin},
	journal = {Decyzje},
	volume  = {1},
	number  = {8},
	pages   = {79-100},
	year    = {2007}
}

@book{brzezinski2015badania,
	title     = {Badania eksperymentalne w psychologii i pedagogice},
	author    = {Brzeziński, Jerzy Marian},
	year      = {2015},
	publisher = {Warszawa: Wydawnictwo Naukowe Scholar Sp. z oo}
}

@misc{website:latex,
	title        = {Nie za krótkie wprowadzenie do systemu LATEX 2e},
	author       = {Tomasz Przechlewski and Ryszard Kubiak and Janusz Gołdasz},
	month        = {11},
	year         = {2019},
	howpublished = {\url{http://www.ptep-online.com/ctan/lshort_polish.pdf}},
	note         = {Dostęp: 19.11.2019}
}

@inproceedings{saltz2019exploring,
  title     = {Exploring the use of a Kanban coach for student teams},
  author    = {Saltz, Jeffrey and Shamshurin, Ivan},
  booktitle = {Proceedings of the 25th Americas Conference on Information Systems, AMCIS 2019},
  year      = {2019}
}

@article{baxter2008qualitative,
	title={Qualitative case study methodology: Study design and implementation for novice researchers},
	author={Baxter, Pamela and Jack, Susan},
	journal={The Qualitative Report},
	volume={13},
	number={4},
	pages={544--559},
	year={2008}
}

@article{crowe2011case,
	title={The case study approach},
	author={Crowe, Sarah and Cresswell, Kathrin and Robertson, Ann and Huby, Guro and Avery, Anthony and Sheikh, Aziz},
	journal={BMC Medical Research Methodology},
	volume={11},
	number={1},
	pages={100},
	year={2011},
	publisher={BioMed Central}
}

@book{alexandrowicz1975katalog,
	title={Katalog rezerwatów; pomników przyrody nieożywionej w Polsce},
	author={Alexandrowicz, Zofia and Drzał, Maria and Kozłowski, Stefan},
	year={1975},
	publisher={Warszawa: Państwowe Wydawnictwo Naukowe}
}
